<collection xmlns="http://www.loc.gov/MARC21/slim">
<record>
  <leader>01688nam0a2200337 i 450 </leader>
  <controlfield tag="001">IT\ICCU\CNCE\042610</controlfield>
  <controlfield tag="005">20030922000000.0</controlfield>
  <datafield tag="012" ind1=" " ind2=" ">
    <subfield code="a">e-iu e.LE s-el guIa (3) 1558 (A)</subfield>
    <subfield code="2">fei</subfield>
  </datafield>
  <datafield tag="100" ind1=" " ind2=" ">
    <subfield code="a">19981216d1558        0itac0103    ba</subfield>
  </datafield>
  <datafield tag="101" ind1=" " ind2=" ">
    <subfield code="a">ITA</subfield>
  </datafield>
  <datafield tag="102" ind1=" " ind2=" ">
    <subfield code="a">FR</subfield>
  </datafield>
  <datafield tag="200" ind1="1" ind2=" ">
    <subfield code="a">Discorso della religione antica de romani, composto in franzese dal s. Guglielmo Choul, gentilhuomo lionese, et bagly delle montagne del Delfinato, et tradotto in toscano da m. Gabriello Symeoni fiorentino</subfield>
  </datafield>
  <datafield tag="210" ind1=" " ind2=" ">
    <subfield code="a">In Lione</subfield>
    <subfield code="c">appresso Gugl. Rouillio</subfield>
    <subfield code="d">1558</subfield>
  </datafield>
  <datafield tag="215" ind1=" " ind2=" ">
    <subfield code="a">248, \8! p.</subfield>
    <subfield code="c">ill.</subfield>
    <subfield code="d">fol</subfield>
  </datafield>
  <datafield tag="620" ind1=" " ind2=" ">
    <subfield code="a">FR</subfield>
    <subfield code="d">Lione</subfield>
  </datafield>
  <datafield tag="700" ind1=" " ind2="1">
    <subfield code="a">Du_Choul,</subfield>
    <subfield code="b">Guillaume</subfield>
    <subfield code="3">IT\ICCU\CNCA\004947</subfield>
  </datafield>
  <datafield tag="702" ind1=" " ind2="1">
    <subfield code="a">Simeoni,</subfield>
    <subfield code="b">Gabriele</subfield>
    <subfield code="3">IT\ICCU\CNCA\004519</subfield>
  </datafield>
  <datafield tag="712" ind1="0" ind2="0">
    <subfield code="a">Rouill,̌ Guillaume</subfield>
    <subfield code="3">IT\ICCU\CNCT\000407</subfield>
    <subfield code="4">650</subfield>
  </datafield>
  <datafield tag="790" ind1=" " ind2="1">
    <subfield code="a">Choul,</subfield>
    <subfield code="b">Guglielmo</subfield>
    <subfield code="3">IT\ICCU\CNCA\011446</subfield>
    <subfield code="z">Du_Choul, Guillaume</subfield>
  </datafield>
  <datafield tag="790" ind1=" " ind2="1">
    <subfield code="a">Choul,</subfield>
    <subfield code="b">Guillaume</subfield>
    <subfield code="3">IT\ICCU\CNCA\018445</subfield>
    <subfield code="z">Du_Choul, Guillaume</subfield>
  </datafield>
  <datafield tag="790" ind1=" " ind2="1">
    <subfield code="a">Symeoni,</subfield>
    <subfield code="b">Gabriello</subfield>
    <subfield code="3">IT\ICCU\CNCA\018601</subfield>
    <subfield code="z">Simeoni, Gabriele</subfield>
  </datafield>
  <datafield tag="791" ind1="0" ind2="0">
    <subfield code="a">Roviglio, Guglielmo</subfield>
    <subfield code="3">IT\ICCU\CNCT\003146</subfield>
    <subfield code="z">Rouill,̌ Guillaume</subfield>
  </datafield>
  <datafield tag="791" ind1="0" ind2="0">
    <subfield code="a">Rovillio, Guglielmo</subfield>
    <subfield code="3">IT\ICCU\CNCT\005411</subfield>
    <subfield code="z">Rouill,̌ Guillaume</subfield>
  </datafield>
  <datafield tag="791" ind1="0" ind2="0">
    <subfield code="a">Rovillius, Gulielmus</subfield>
    <subfield code="3">IT\ICCU\CNCT\005412</subfield>
    <subfield code="z">Rouill,̌ Guillaume</subfield>
  </datafield>
  <datafield tag="801" ind1=" " ind2="3">
    <subfield code="a">IT</subfield>
    <subfield code="b">ICCU</subfield>
    <subfield code="c">20201114</subfield>
  </datafield>
  <datafield tag="899" ind1=" " ind2=" ">
    <subfield code="a">Biblioteca civica. Belluno</subfield>
    <subfield code="1">BL0006</subfield>
    <subfield code="2">VIA CB</subfield>
  </datafield>
  <datafield tag="899" ind1=" " ind2=" ">
    <subfield code="a">Biblioteca provinciale. Brindisi</subfield>
    <subfield code="1">BR0003</subfield>
    <subfield code="2">BRI 01</subfield>
  </datafield>
  <datafield tag="899" ind1=" " ind2=" ">
    <subfield code="a">Biblioteca Apostolica Vaticana. Citt ̉del Vaticano</subfield>
    <subfield code="1">EX0001</subfield>
    <subfield code="2">ZCV 01</subfield>
  </datafield>
  <datafield tag="899" ind1=" " ind2=" ">
    <subfield code="a">Biblioteca della Societ ̉napoletana di storia patria. Napoli</subfield>
    <subfield code="1">NA0097</subfield>
    <subfield code="2">NAP SP</subfield>
  </datafield>
  <datafield tag="899" ind1=" " ind2=" ">
    <subfield code="a">Biblioteca universitaria. Padova</subfield>
    <subfield code="1">PD0158</subfield>
    <subfield code="2">PUV 00</subfield>
  </datafield>
  <datafield tag="899" ind1=" " ind2=" ">
    <subfield code="a">Biblioteca comunale Giosu ̈Carducci. Spoleto</subfield>
    <subfield code="1">PG0168</subfield>
    <subfield code="2">UM1 08</subfield>
  </datafield>
</record>
</collection>
